<?xml version="1.0" encoding="UTF-8"?>
<marc:record xmlns:marc="http://www.loc.gov/MARC21/slim" xmlns:xsi="http://www.w3.org/2001/XMLSchema-instance" xsi:schemaLocation="http://www.loc.gov/MARC21/slim http://www.loc.gov/standards/marcxml/schema/MARC21slim.xsd">

    <marc:leader>00679nkm a22002417a 4500</marc:leader>
    <marc:controlfield tag="001">1000</marc:controlfield>
    <marc:controlfield tag="003">NL-AMISG</marc:controlfield>
    <marc:controlfield tag="005">20031016140615.0</marc:controlfield>
    <marc:controlfield tag="008">200310suuuuuuuune                  dut d</marc:controlfield>
    <marc:datafield ind1=" " ind2=" " tag="035">
        <marc:subfield code="a">(IISG)IISGb10895587</marc:subfield>
    </marc:datafield>
    <marc:datafield ind1=" " ind2=" " tag="040">
        <marc:subfield code="a">NL-AmISG</marc:subfield>
    </marc:datafield>
    <marc:datafield ind1="1" ind2=" " tag="100">
        <marc:subfield code="a">Straaten, Peter van,</marc:subfield>
        <marc:subfield code="e">draughtsman.</marc:subfield>
        <marc:subfield code="0">(NL-AMISG)343365</marc:subfield>
    </marc:datafield>
    <marc:datafield ind1="1" ind2="3" tag="245">
        <marc:subfield code="a">De vrolijke coalitiepartners.</marc:subfield>
        <marc:subfield code="k">Visual document.</marc:subfield>
    </marc:datafield>
    <marc:datafield ind1=" " ind2=" " tag="260">
        <marc:subfield code="c">1983, 11 oktober</marc:subfield>
        <marc:subfield code="e">(Amsterdam :</marc:subfield>
        <marc:subfield code="f">Het Parool)</marc:subfield>
    </marc:datafield>
    <marc:datafield ind1=" " ind2=" " tag="300">
        <marc:subfield code="g">19x24 cm.</marc:subfield>
    </marc:datafield>
    <marc:datafield ind1=" " ind2=" " tag="542">
        <marc:subfield code="m">pictoright</marc:subfield>
    </marc:datafield>
    <marc:datafield ind1="1" ind2="4" tag="600">
        <marc:subfield code="a">Nijpels, Ed.</marc:subfield>
        <marc:subfield code="0">(NL-AMISG)241056</marc:subfield>
    </marc:datafield>
    <marc:datafield ind1="1" ind2="4" tag="600">
        <marc:subfield code="a">Vries, Bert de.</marc:subfield>
        <marc:subfield code="0">(NL-AMISG)351755</marc:subfield>
    </marc:datafield>
    <marc:datafield ind1=" " ind2="4" tag="648">
        <marc:subfield code="a">1983-1983</marc:subfield>
        <marc:subfield code="0">(NL-AMISG)2000970</marc:subfield>
    </marc:datafield>
    <marc:datafield ind1=" " ind2="4" tag="650">
        <marc:subfield code="a">Governments.</marc:subfield>
        <marc:subfield code="0">(NL-AMISG)211031</marc:subfield>
    </marc:datafield>
    <marc:datafield ind1=" " ind2="4" tag="650">
        <marc:subfield code="a">Caricature.</marc:subfield>
        <marc:subfield code="0">(NL-AMISG)306037</marc:subfield>
    </marc:datafield>
    <marc:datafield ind1=" " ind2="4" tag="651">
        <marc:subfield code="a">Netherlands.</marc:subfield>
        <marc:subfield code="0">(NL-AMISG)569282</marc:subfield>
    </marc:datafield>
    <marc:datafield ind1=" " ind2="4" tag="655">
        <marc:subfield code="a">Drawing.</marc:subfield>
        <marc:subfield code="0">(NL-AMISG)269282</marc:subfield>
    </marc:datafield>
    <marc:datafield ind1=" " ind2="4" tag="655">
        <marc:subfield code="a">Print.</marc:subfield>
        <marc:subfield code="0">(NL-AMISG)262665</marc:subfield>
    </marc:datafield>
    <marc:datafield ind1=" " ind2=" " tag="694">
        <marc:subfield code="a">Straaten, P. van</marc:subfield>
        <marc:subfield code="b">BG PM2/347</marc:subfield>
    </marc:datafield>
    <marc:datafield ind1=" " ind2=" " tag="695">
        <marc:subfield code="a">NED</marc:subfield>
        <marc:subfield code="e">Nederland</marc:subfield>
    </marc:datafield>
    <marc:datafield ind1="1" ind2=" " tag="700">
        <marc:subfield code="a">Straaten, Peter van,</marc:subfield>
        <marc:subfield code="e">collector.</marc:subfield>
        <marc:subfield code="0">(NL-AMISG)2000627</marc:subfield>
    </marc:datafield>
    <marc:datafield ind1=" " ind2=" " tag="985">
        <marc:subfield code="a">Geheugen2</marc:subfield>
    </marc:datafield>
    <marc:datafield ind1=" " ind2=" " tag="902">
        <marc:subfield code="a">10622/5F129D28-F887-47D3-B923-1F63352472FD</marc:subfield>
    </marc:datafield>
    <marc:datafield ind1="4" ind2=" " tag="852">
        <marc:subfield code="a">IISG</marc:subfield>
        <marc:subfield code="b">IISG</marc:subfield>
        <marc:subfield code="c">PM</marc:subfield>
        <marc:subfield code="j">BG PM2/347</marc:subfield>
        <marc:subfield code="n">Available</marc:subfield>
        <marc:subfield code="p">10622/30051001410544</marc:subfield>
    </marc:datafield>
    <marc:datafield ind1=" " ind2=" " tag="901">
        <marc:subfield code="a">1000</marc:subfield>
        <marc:subfield code="b">Unknown</marc:subfield>
        <marc:subfield code="c">1000</marc:subfield>
        <marc:subfield code="t">biblio</marc:subfield>
    </marc:datafield>
</marc:record>
